@book{dutoit,
	author	=	"Thierry Dutoit and Ferran Marques",
	title	=	"Applied Signal Processing: MATLAB-Based Proof of Concept",
	isbn	=	"978-0-387-74534-3",
	year	=	"2009",
	DOI 	=	"10.1007/978-0-387-74535-0",
	publisher	=	"Springer"
}

@book{tam59,
	author	=	"{\AA}ke Bj{\"o}rck",
	title	=	"Numerical Methods in Matrix Computations",
	series	=	"Texts in Applied Mathematics",
	number	=	"59",
	isbn	=	"978-3-319-05088-1",
	DOI 	=	"10.1007/978-3-319-05089-8",
	year	=	"2013",
	publisher	=	"Springer"
}

@book{gtm181,
	author	=	"Rainer Kress",
	title	=	"Numerical Analysis",
	series	=	"Graduate Texts in Mathematics",
	number	=	"181",
	isbn	=	"978-1-4612-6833-8",
	DOI		=	"10.1007/978-1-4612-0599-9",
	year	=	"1997",
	publisher	=	"Springer"
}

@book{corless,
	author	=	"Robert Corless and Nicolas Fillion",
	title	=	"A Graduate Introduction to Numerical Methods",
	isbn	=	"978-1-4614-8452-3",
	year	=	"2013",
	DOI		=	"10.1007/978-1-4614-8453-0",
	publisher	=	"Springer"
}

@book{tam39,
	author	=	"Kendall Atkinson and Weimin Han",
	title	=	"Theoretical Numerical Analysis",
	series	=	"Texts in Applied Mathematics",
	number	=	"39",
	isbn	=	"978-1-4419-0457-7",
	DOI 	=	"10.1007/978-1-4419-0458-4",
	year	=	"2009",
	publisher	=	"Springer"
}

@book{golan,
	author	=	"Jonathan Golan",
	title	=	"The Linear Algebra a Beginning Graduate Student Ought to Know",
	edition	=	"3",
	isbn	=	"978-94-007-2635-2",
	DOI 	=	"10.1007/978-94-007-2636-9",
	year	=	"2012",
	publisher	=	"Springer"
}

@book{utm,
	author	=	"Sheldon Axler",
	title	=	"Linear Algebra Done Right",
	series	=	"Undergraduate Texts in Mathematics",
	edition	=	"3",
	isbn	=	"978-3-319-11079-0",
	DOI 	=	"10.1007/978-3-319-11080-6",
	year	=	"2015",
	publisher	=	"Springer"
}

@book{gtm135,
	author	=	"Steven Roman",
	title	=	"Advanced Linear Algebra",
	series	=	"Graduate Texts in Mathematics",
	number	=	"135",
	edition	=	"3",
	isbn	=	"978-0-387-72828-5",
	DOI		=	"10.1007/0-387-27474-X",
	year	=	"2008",
	publisher	=	"Springer"
}

@book{cc12,
	author	=	"John Markel and Augustine Gray. Jr",
	title	=	"Linear Prediction of Speech",
	series	=	"Communication and Cybernetics",
	number	=	"12",
	isbn	=	"978-3-642-66288-1",
	DOI		=	"10.1007/978-3-642-66286-7",
	year	=	"1976",
	publisher	=	"Springer"
}

@book{moin,
	author	=	"Parviz Moin",
	title	=	"Fundamentals of Engineering Numerical Analysis",
	edition	=	"2",
	isbn	=	"978-0-521-88432-7",
	year	=	"2010",
	publisher	=	"Cambridge"
}

@book{karris,
	author	=	"Steven Karris",
	title	=	"Numerical Analysis using MATLAB and Spreadsheets",
	edition	=	"2",
	isbn	=	" 0-9744239-1-2",
	year	=	"2010",
	publisher	=	"Orchard Publications"
}

@book{gtm216,
	author	=	"Denis Serre",
	title	=	"Matrices",
	series	=	"Graduate Texts in Mathematics",
	number	=	"216",
	edition	=	"2",
	isbn	=	"978-1-4419-7682-6",
	DOI		=	"10.1007/978-1-4419-7683-3",
	year	=	"2010",
	publisher	=	"Springer"
}

@book{riley,
	author	=	"Ken Riley and Michael Hobson and Stephen Bence",
	title	=	"Mathematical Methods for Physics and Engineering",
	edition	=	"3",
	isbn	=	"978-0-521-67971-8",
	year	=	"2012",
	publisher	=	"Cambridge"
}

@book{horn,
	author  =   "Roger A. Horn and Charles R. Johnson",
	title   =   "Matrix Analysis",
	edition =   "2",
	isbn    =   "978-0-521-83940-2",
	year    =   "2013",
	publisher   =   "Cambridge"
}

@book{tam37
	author= {Alfio Quarteroni and Fausto Saleri and Riccardo Sacco},
	title = {Numerical Mathematics},
	series  =   {Texts in Applied Mathematics},
	number  =   {37},
	isbn    =   {978-1-4757-7394-1},
	DOI     =   {10.1007/978-0-387-22750-4},
	year    =   {2000},
	publisher   =   {Springer}
}
